@book{1992Abbott,
	author    = {Edwin Abbott Abbott},
	title     = {Flatland: A Romance of Many Dimensions},
	publisher = {Dover Publications; New edition (21 setembro 1992)},
	year      = {1992},
	note      = "[Dispon√≠vel gratuitamente para o Kindle]"
}